@phdthesis{pal,
  title={Off-Shore Robotics: Robust and Optimal Solutions for Autonomous Operation},
  author={P.J. From},
  year={2010},
  school={Norwegian University of Science and Technology}
}

@inproceedings{abb,
  title={Robot automation in oil and gas facilities: Indoor and onsite demonstrations},
  author={D.A. Anisi and J. Gunnar and T. Lillehagen and C. Skourup},
  booktitle={Proc. IEEE/RSJ Int. Conf. on Intelligent Robots and Systems (IROS)},
  pages={4729--4734},
  year={2010}
}

@UNPUBLISHED{mimroex,
  author =       {M. Bengel and K. Pfeiffer},
  title =        {Mimroex Mobile Maintenance and Inspection Robot for Process Plants. \emph{Fraunhofer Institute for Manufacturing Engineering and Automation IPA}, pp. 1--2},
  year =         {2007},
  howpublished =       {Fraunhofer Institute for Manufacturing Engineering and Automation IPA},
}

@inproceedings{mimroex2,
  title={Mobile robots for offshore inspection and manipulation},
  author={M. Bengel and K. Pfeiffer and B. Graf and A. Bubeck and A. Verl},
  booktitle={Proc. IEEE/RSJ Int. Conf. on Intelligent Robots and Systems (IROS).},
  pages={3317--3322},
  year={2009}
}

@UNPUBLISHED{sensabot,
  author =       {NREC/CMU},
  title =        {Sensabot: A Safe and Cost-Effective Inspection Solution. \emph{Jour. of Petroleum Technology}, pp. 32--34.},
  year =         {2012},
  source =       {Jour. of Petroleum Technology},
}

@inproceedings{kyrkjebo2009robotic,
  title={A robotic concept for remote inspection and maintenance on oil platforms},
  author={E. Kyrkjeb{\o} and P. Liljeb{\"a}ck and A.A. Transeth},
  booktitle={Proc. Int. Conf. on Ocean, Offshore and Arctic Engineering (OMAE)},
  year={2009},
}

@article{skourup2009robotized,
  title={The robotized field operator},
  author={C. Skourup and J. Pretlove},
  journal={ABB Review},
  number={1},
  pages={68--73},
  year={2009}
}

@article{cba,
  title={DORIS - A MOBILE ROBOT FOR INSPECTION AND MONITORING OF OFFSHORE FACILITIES},
  author={Galassi, Mauricio and R{\o}yr{\o}y, Anders and Carvalho, Guilherme and Freitas, Gustavo and From, P{\aa}l J and Costa, Ramon R and Lizarralde, Fernando and Hsu, Liu and de Carvalho, Gustavo HF and de Oliveira, Jose F and others},
  journal={Anais do XX Congresso Brasileiro de Autom\'{a}tica},
  year={2014}
}

@UNPUBLISHED{MARIUS_old,
  title={Mission Control of the {MARIUS} {AUV}: System Design, Implementation, and Sea Trials},
  author={P. Oliveira, A. Pascoal, V. Silva, C. Silvestre},
  year={1996},
  howpublished ={Department of Electrical Engineering/Institute for Systems and Robotics}
}

@article{MARIUS,
  title={Mission control of the MARIUS autonomous underwater vehicle: system design, implementation and sea trials},
  author={Oliveira, P and Pascoal, A and Silva, V and Silvestre, C},
  journal={International journal of systems science},
  volume={29},
  number={10},
  pages={1065--1080},
  year={1998},
  publisher={Taylor \& Francis}
}

@misc{wna_old,
 title = {Uranium, Electricity and Climate Change. http://www.world-nuclear.org/info/Energy-and-Environment/Uranium-Electricity-and-Climate-Change . {A}ccessed on {O}ctober 20$^{th}$, 2014},
 author={World-nuclear},
 year={2014},
}

@misc{wna,
 title = {Uranium, Electricity and Climate Change},
 author={World-nuclear},
 howpublished={World Nuclear Association website. http://www.world-nuclear.org/info/Energy-and-Environment/Uranium-Electricity-and-Climate-Change {A}ccessed on {O}ctober 20$^{th}$, 2014},
 year={2012},
}

@misc{can,
 title = {Introduction to the Controller Area Network ({CAN})},
 author={Steve Corrigan},
 howpublished={Texas Instrument Application Report SLOA101A. http://www.ti.com/lit/an/sloa101a /sloa101a.pdf {A}ccessed on {O}ctober 20$^{th}$, 2014},
 year={2008}
}

@article{OTC,
  title={DORIS - Monitoring Robot for Offshore Facilities},
  author={Guilherme Carvalho and Gustavo Freitas and Ramon Costa and Gustavo Carvalho and Jose Oliveira and Sergio Netto and Eduardo Silva and Marco Xaud and Liu Hsu and Gabriel Motta-Ribeiro and Alex Neves and Fernando Lizarralde and Ighor Marcovistz and Alessandro Peixoto and Eduardo Nunes and P{\aa}l From and Mauricio Galassi and Anders R{\o}yr{\o}y},
  journal={Offshore Technology Conference (OTC) Brasil},
  year={2013},
  publisher={Offshore Technology Conference}
}

@article{verma2004real,
title={Real-time fault diagnosis [robot fault diagnosis]},
author={Verma, Vandi and Gordon, Geoff and Simmons, Reid and Thrun, Sebastian},
journal={Robotics \& Automation Magazine, IEEE},
volume={11},
number={2},
pages={56--66},
year={2004},
publisher={IEEE}
}

@article{chen,
  title={Opportunities and Challenges of Robotics and Automation in Offshore Oil \& Gas Industry},
  author={Chen, Heping and Stavinoha, Samuel and Walker, Michael and Zhang, Biao and Fuhlbrigge, Thomas},
  journal={Intelligent Control and Automation},
  year={2014},
  publisher={Scientific Research Publishing}
}

@misc{qt,
 author = {Qt-Project},
 title = {Qt online documentation. http://qt-project.org/ {A}ccessed on {O}ctober 20$^{th}$, 2014},
 year={2014}
}

@misc{presal_old,
 author = {Fernando Ferro and Paulo Teixeira},
 title = {Os Desafios do Pr{\'e}-Sal. http://www2.camara.leg.br/a-camara/ altosestudos/pdf/Livro-pre-sal.pdf. {A}ccessed on {O}ctober 20$^{th}$, 2014},
 howpublished={C\^{a}mara dos Deputados, Edi\c{c}\~{o}es C\^{a}mara, 2009.},
 year={2009}
}

@misc{presal,
 title = {Os Desafios do Pr{\'e}-Sal},
 author = {Fernando Ferro and Paulo Teixeira},
 howpublished={C\^{a}mara dos Deputados, Edi\c{c}\~{o}es C\^{a}mara. http://www2.camara.leg.br/a-camara/altosestudos/ pdf/Livro-pre-sal.pdf {A}ccessed on {O}ctober 20$^{th}$ 2014},
 year={2009}
}

@misc{can,
 title = {Introduction to the Controller Area Network ({CAN})},
 author={Steve Corrigan},
 howpublished={Texas Instrument Application Report SLOA101A. http://www.ti.com/lit/an/sloa101a /sloa101a.pdf {A}ccessed on {O}ctober 20$^{th}$, 2014},
 year={2008}
}

@manual{capacitor_old,
 title = {General power system wiring practices applied to Tecnadyne DC brushless motors},
 author={Tecnadyne},
 howpublished={Tecnadyne Application Note AN601. http://www.tecnadyne.com/cms/images/products/pdf/AN601_Back_EMF_Ground_Loops.pdf {A}ccessed on {O}ctober 20$^{th}$, 2014},
 year={2006}
}

@misc{capacitor,
 title = {General power system wiring practices applied to Tecnadyne DC brushless motors},
 author={Tecnadyne},
 howpublished={Tecnadyne Application Note AN601. http://www.tecnadyne.com/cms/images/products/pdf /AN601\_Back\_EMF\_Ground\_Loops.pdf {A}ccessed on {O}ctober 20$^{th}$, 2014},
 year={2006}
}

@misc{can,
 title = {Introduction to the Controller Area Network ({CAN}). {A}ccessed on {O}ctober 20$^{th}$, 2014},
 author={Steve Corrigan},
 howpublished={http://www.ti.com/lit/an/sloa101a/sloa101a.pdf},
 year={2008}
}

@inproceedings{ros,
  title={R{OS}: an open-source Robot Operating System},
  author={M. Quigley and K. Conley and B. Gerkey and J. Faust and T. Foote and J. Leibs and R. Wheeler and A.Y. Ng},
  booktitle={Proc. Int. Conf. on Robotics and Automation (ICRA), ser. Open-Source Software Workshop},
  year={2009}
}
@inproceedings{graf2007mobile,
  title={Mobile robots for offshore inspection and manipulation},
  author={B. Graf and K. Pfeiffer},
  booktitle={Proc. Int. Petroleum Technology Conf. (IPTC)},
  year={2007}
}
